<?xml version="1.0" encoding="UTF-8"?>
<record xmlns="http://www.loc.gov/MARC21/slim" xmlns:xsi="http://www.w3.org/2001/XMLSchema-instance" xsi:schemaLocation="http://www.loc.gov/MARC21/slim http://www.loc.gov/standards/marcxml/schema/MARC21slim.xsd">
<leader>     cam a22002290  4500</leader>
<controlfield tag="001">002749491</controlfield>
<controlfield tag="003">NNU</controlfield>
<controlfield tag="005">19940713181853.0</controlfield>
<controlfield tag="008">860304s1954    ua            000 0 ara d</controlfield>
<datafield tag="035" ind1="9" ind2=" ">
<subfield code="a">NYUb10449203</subfield>
</datafield>
<datafield tag="035" ind1=" " ind2=" ">
<subfield code="a">GLIS00449203X</subfield>
</datafield>
<datafield tag="035" ind1=" " ind2=" ">
<subfield code="a">(CStRLIN)NYUG86-B7072</subfield>
</datafield>
<datafield tag="040" ind1=" " ind2=" ">
<subfield code="a">NNU</subfield>
<subfield code="c">NNU</subfield>
</datafield>
<datafield tag="090" ind1=" " ind2=" ">
<subfield code="i">04/25/86 CT</subfield>
</datafield>
<datafield tag="100" ind1="1" ind2=" ">
<subfield code="a">Thaʻlabī, Aḥmad ibn Muḥammad,</subfield>
<subfield code="d">d. 1035.</subfield>
</datafield>
<datafield tag="245" ind1="1" ind2="0">
<subfield code="a">Qiṣaṣ al-anbiyāʼ, al-musammī, ʻArāʼis al-majālis /</subfield>
<subfield code="c">taʼlīf Abī Isḥāq Aḥmad ibn Muḥammad ibn Ibrāhīm al-Nīsābūrī al-maʻrūf bil-Thaʻlabī.</subfield>
</datafield>
<datafield tag="250" ind1=" " ind2=" ">
<subfield code="a">al-Ṭabʻah 4.</subfield>
</datafield>
<datafield tag="260" ind1=" " ind2=" ">
<subfield code="a">Miṣr :</subfield>
<subfield code="b">Muṣṭafʹa al-Bābī al-Ḥalabī,</subfield>
<subfield code="c">1954.</subfield>
</datafield>
<datafield tag="300" ind1=" " ind2=" ">
<subfield code="a">452 p. ;</subfield>
<subfield code="c">24 cm.</subfield>
</datafield>
<datafield tag="650" ind1=" " ind2="0">
<subfield code="a">Prophets, Pre-Islamic.</subfield>
</datafield>
<datafield tag="740" ind1="0" ind2=" ">
<subfield code="a">ʻArāʻis al-majālis fī qiṣaṣ al-anbiyāʼ.</subfield>
</datafield>
<datafield tag="OWN" ind1=" " ind2=" ">
<subfield code="a">GENERAL</subfield>
</datafield>
<datafield tag="950" ind1=" " ind2=" ">
<subfield code="l">BMAIN</subfield>
<subfield code="a">BP166.4</subfield>
<subfield code="b">.T5 1954</subfield>
<subfield code="i">04/25/86 C</subfield>
</datafield>
<datafield tag="955" ind1=" " ind2=" ">
<subfield code="l">BMAIN</subfield>
<subfield code="c">1</subfield>
<subfield code="r">011725812</subfield>
<subfield code="i">04/25/86 C</subfield>
</datafield>
<datafield tag="AVA" ind1=" " ind2=" ">
<subfield code="a">NYU50</subfield>
<subfield code="b">BOBST</subfield>
<subfield code="c">Main Collection</subfield>
<subfield code="d">BP166.4 .T5 1954</subfield>
<subfield code="e">unavailable</subfield>
<subfield code="t">Unavailable</subfield>
<subfield code="f">1</subfield>
<subfield code="g">1</subfield>
<subfield code="h">N</subfield>
<subfield code="i">2</subfield>
<subfield code="j">MAIN</subfield>
<subfield code="k">0</subfield>
</datafield>
</record>
